
@inproceedings{cox08:avsp,
	Author = {Cox, S. and Lan, Y. and Newman, J. and Harvey, R. and Theobald, B.},
	Title = {The variability of lip-reading},
	Booktitle = {Proceedings of the International Conference on Auditory-Visual Speech Processing},
	Pages = {179--184},
	Year = {2008}
}

@book{massaro98:perceiving,
	Author = {Massaro, D.},
	Publisher = {The MIT Press},
	Title = {Perceiving Talking Faces},
	Year = 1998
}

@article{matthews2002:extraction,
	Author = {Matthews, I. and Cootes, T. and Bangham, J.A. and Harvey, R.},
	Title = {Extraction of Visual Features for Lipreading},
	Journal = {IEEE Transactions on Pattern Analysis and Machine Intelligence},
	Pages = {1--16},
	Volume = {24},
	Year = 2002
}

@article{theobald04:specomm,
	Author = {Theobald, B. and Bangham, J.A. and Matthews, I. and Cawley, G.},
	Title = {Near-videorealistic Synthetic Talking Faces: {I}mplementation and Evaluation},
	Journal = {Speech Communication},
	Pages = {127--140},
	Volume = {44},
	Year = 2004
}

@ inproceedings{theobald08:lips,
	Author = {Theobald, B. and Fagel, S. and Elsei, F. and Bailly, G.},
	Title = {{LIPS2008}: {V}isual speech synthesis challenge},
	Booktitle = {Proceedings of Interspeech},
	Pages = {1875--1878},
	Year = {2008}
}
